@book{polynomials,
    date={2003},
    author={Barbeau, E. J.},
    title={Polynomials},
    series={Problem books in mathematics},
    publisher={Springer},
    doi={10.1007/978-1-4612-4524-7},
}
